@article{Kohler_2017,
        doi = {10.1063/1.4986069},
        url = {https://doi.org/10.1063%2F1.4986069},
        year = 2017,
        month = {aug},
        publisher = {{AIP} Publishing},
        volume = {147},
        number = {8},
        pages = {084202},
        author = {Daniel D. Kohler and Blaise J. Thompson and John C. Wright},
        title = {Frequency-domain coherent multidimensional spectroscopy when dephasing rivals pulsewidth},
        journal = {The Journal of Chemical Physics}
}

@misc{snakeviz,

    url = {http://jiffyclub.github.io/snakeviz/},
    year = 2017,
    author = {jiffyclub},
    title = {SnakeViz}
}

@misc{nise,

url = {http://github.com/wright-group/NISE},
year = 2016,
author = {Wright Group},
title = {NISE: Numerical Integration of the Shr{\"o}dinger Equation}
}

@article{Nickolls_2008,
        doi = {10.1145/1365490.1365500},
        url = {https://doi.org/10.1145%2F1365490.1365500},
        year = 2008,
        month = {mar},
        publisher = {Association for Computing Machinery ({ACM})},
        volume = {6},
        number = {2},
        pages = {40},
        author = {John Nickolls and Ian Buck and Michael Garland and Kevin Skadron},
        title = {Scalable parallel programming with {CUDA}},
        journal = {Queue}
}

